5022 5794
451 485 496 573 ,ι
621 463 627 474 ’

473 669 570 736 beent
589 683 685 756 etque
705 671 831 752 offerre,
855 681 897 756 et,
918 671 1029 736 bebite
1050 670 1295 784 deliberatione,
1307 673 1561 768 prpoeinrujerin
1579 686 1699 760 quarto
1714 678 1837 742 russum
1854 677 2039 782 reipopium
2061 691 2107 742 eet
2124 678 2193 760 (tu)
2206 678 2250 746 V.
2266 677 2304 748 (i.

472 822 532 905 bi,
561 843 622 886 nos
640 831 796 908 prosimu
808 818 902 905 seria
915 825 1065 908 senem)
1095 827 1261 892 Articulos
1285 839 1418 894 nostrse
1442 827 1665 896 Gonieslionis
1686 851 1745 917 pro
1771 842 1882 896 nosue
1906 843 1995 918 perte
2022 835 2186 898 oblaturos
2217 834 2303 916 esle3
2371 879 2385 894 .

471 977 565 1056 ideo,
594 992 630 1044 ut
649 983 691 1047 V.
713 980 758 1051 M.
779 981 942 1046 roluntnti
960 984 1189 1068 obsequamur,
1218 981 1385 1049 offerimus
1412 981 1447 1047 in
1479 941 1730 1062 hec-rstigto‘ntc
1755 981 1846 1045 ceute
1886 995 2068 1066 nostrorum
2092 963 2311 1048 concinnatoss
2383 987 2385 996 “

470 1154 543 1196 rum
563 1143 596 1196 et
613 1085 757 1200 nostruin
777 1131 1026 1220 consessionem,
1053 1080 1437 1212 cujusmodi-doctrinam
1459 1154 1504 1198 ex
1530 1131 1695 1217 scripturis
1716 1091 1885 1197 nuntient
1906 1153 1986 1220 puro
2003 1137 2104 1200 verbo
2126 1089 2191 1200 Dei
2220 1085 2303 1200 bec-

472 1295 569 1348 tenus
590 1283 642 1348 illi
660 1282 698 1347 in
719 1283 841 1347 nostris
873 1283 985 1362 terris,
1015 1279 1200 1364 ducatibus,
1223 1283 1423 1370 ditionibus,
1453 1295 1487 1350 et
1507 1284 1639 1350 urbibus
1659 1283 1865 1366 tradiderint,
1892 1275 1928 1350 ec
1955 1263 1991 1352 in
2018 1289 2161 1354 eccleliis
2186 1299 2307 1354 trecte-
2420 1340 2425 1350 .

472 1438 586 1502 verint

575 1632 671 1715 Quod
692 1635 719 1699 ii
740 1635 857 1710 ceteri,
886 1632 1063 1716 Electores,
1091 1627 1276 1720 Principes,
1311 1649 1348 1693 ec
1371 1585 1480 1698 Status
1503 1635 1652 1722 imperii,
1682 1637 1843 1704 iimilibns
1874 1637 2014 1723 tuipse,
2050 1645 2161 1706 latinis
2188 1635 2305 1726 scilicet

473 1799 505 1850 et
525 1777 733 1871 germanicis,
759 1791 849 1869 juxta
872 1787 1069 1875 praedictum
1092 1784 1277 1850 Caesereern
1299 1783 1573 1874 propositionem,
1601 1785 1673 1848 iuss
1694 1787 1866 1872 opiniones
1888 1787 1923 1850 in
1944 1787 2006 1850 hnc
2028 1792 2118 1854 ceusu
2140 1795 2305 1876 religionis

472 1937 704 2024 produxerint;
724 1940 778 2002 bic
808 1958 996 2002 noseorum
1013 1937 1055 2006 V.
1080 1933 1115 2003 G.
1136 1934 1198 2016 M„
1235 1945 1387 2022 tanquam
1407 1933 1554 2001 Domino
1577 1951 1687 2002 nostro
1713 1935 1995 2020 ,Clementislimm
2030 1949 2159 2028 perotus
2189 1939 2306 2004 offeri-

345 2149 360 2160 .
472 2115 564 2174 rnns,
593 2117 654 2160 nos
676 2117 752 2158 cum
772 2093 927 2181 praelatis
948 2093 1151 2178 Principibus
1171 2103 1203 2156 et
1222 2086 1336 2156 etnicis
1352 2086 1469 2152 nostris
1489 2083 1529 2150 de
1552 2087 1772 2153 tolerabilibus
1801 2087 1905 2154 modis
1927 2109 1964 2152 ec
1993 2090 2059 2154 riis
2085 2057 2189 2156 emico
2223 2111 2306 2156 con-

471 2249 575 2327 ferre,
610 2261 660 2330 ut,
698 2259 855 2334 questum
885 2249 1021 2315 honeste
1047 2247 1119 2314 lieri
1147 2258 1268 2334 potest,
1306 2243 1554 2352 conreniemus,
1591 2252 1640 2324 et,
1668 2263 1702 2306 re
1730 2242 1815 2308 inter
1841 2263 1898 2308 nes
1926 2251 2033 2328 partes
2062 2243 2140 2308 citra
2162 2229 2315 2312 odiolnnr.

475 2389 720 2470 contentionem
748 2395 882 2481 pacifice
910 2397 1045 2478 agitata,
1084 2395 1156 2460 Deo
1185 2395 1301 2478 dente,
1337 2395 1490 2488 dissentio
1515 2395 1703 2482 dirimetur,
1733 2407 1767 2461 et
1795 2367 1962 2464 ndudsm
1984 2415 2098 2460 rerem
2118 2393 2323 2486 concordem·

472 2544 663 2628 seligionem
684 2547 870 2636 reducetur,
898 2551 979 2615 sicut
1001 2573 1115 2616 omnes
1137 2553 1197 2615 iub
1217 2567 1285 2614 uno
1309 2545 1438 2612 Christo
1459 2547 1569 2610 tumus
1590 2553 1623 2606 et
1644 2509 1840 2617 militemus,
1869 2549 1902 2602 et
1922 2535 2205 2624 unum-Christum
2225 2563 2307 2604 con-

475 2703 560 2770 fiteri
583 2701 757 2783 debemus,
781 2702 872 2794 juxte
895 2715 1043 2768 tenorem
1064 2703 1164 2770 edicti
1185 2703 1227 2768 V.
1243 2699 1349 2782 C.M.,
1375 2711 1408 2765 et
1430 2699 1605 2790 omniued
1626 2698 1798 2782 vertutum
1818 2695 1882 2762 Dei
1910 2693 2136 2784 perducuntur:
2166 2693 2201 2762 id
2221 2698 2307 2784 quod

392 2942 397 2964 t
458 2851 709 2932 ,ardentissimis
730 2851 816 2915 rotis
840 2871 858 2914 s
881 2848 952 2916 Deo
976 2849 1128 2936 petimus.

575 3051 614 3116 Si
632 3063 755 3126 nutem,
783 3048 869 3136 quod
894 3047 935 3110 ed
956 3059 1097 3126 ceteros,
1133 3047 1316 3124 Electores,
1351 3049 1533 3138 Principes,
1566 3061 1600 3116 et
1627 3049 1755 3127 Status,
1791 3060 1827 3116 ut
1853 3059 1977 3138 perlem
2004 3053 2158 3129 ultorem,
2182 3053 2306 3134 ettinet,

447 3181 452 3188 ⁹
475 3205 556 3267 boec
576 3203 723 3266 nectetio
745 3205 857 3265 ceulse
877 3199 1043 3282 religionis
1063 3221 1104 3264 eo
1127 3199 1243 3277 modo,
1265 3223 1330 3286 quo
1351 3201 1392 3268 V.
1416 3199 1451 3276 G.
1473 3199 1523 3272 dl.
1553 3199 1712 3284 egendum
1738 3210 1773 3266 et
1798 3173 2004 3266 unctunddnr
2020 3199 2179 3286 sepientes
2204 3173 2307 3285 unm,

464 3365 593 3450 scilicet
616 3382 690 3428 cum
713 3365 773 3425 tuli
796 3373 910 3426 mutua
929 3364 1191 3445 praesentatione
1213 3363 1413 3446 scriptorum
1434 3359 1604 3442 ncsedntn
1625 3301 1794 3426 collatione
1813 3363 1897 3422 inter
1916 3377 1992 3434 nos,
2015 3379 2084 3422 non
2104 3357 2306 3444 processerit,

476 3521 537 3576 nec
557 3515 671 3600 aliquo
688 3516 792 3578 fructu
815 3517 898 3578 secte
918 3491 1035 3598 luerit;
1063 3533 1123 3579 uos
1144 3515 1276 3602 quidem
1298 3525 1451 3580 testetnrn
1472 3514 1556 3578 clere
1585 3511 1820 3596 relinquimus,
1844 3513 1905 3604 bic
1936 3511 2020 3576 niltil
2048 3531 2126 3594 nos,
2151 3513 2238 3600 qood
2265 3515 2308 3580 ed

479 3667 686 3774 christisnern
702 3667 913 3735 'concordiem
943 3671 1046 3759 (qnae
1060 3625 1140 3736 'cunr
1162 3669 1235 3737 Deo
1252 3638 1289 3738 'et
1311 3678 1395 3738 bone
1418 3669 1612 3738 conicientie
1634 3633 1841 3754 suspectis)
1866 3669 2104 3738 conciliandum
2129 3667 2306 3738 conducere

374 3855 395 3876 ·-
479 3833 592 3912 quest,
620 3823 689 3884 ullo
711 3823 809 3889 modo
828 3827 1020 3896 detrectares
1056 3829 1327 3919 quemadmodum
1347 3843 1381 3896 et
1406 3827 1449 3894 V.
1474 3825 1509 3897 G.
1529 3827 1593 3901 bi..
1621 3823 1740 3892 sunt·
1766 3838 1801 3890 et
1826 3829 1923 3894 ceteri
1948 3828 2110 3892 Electores
2137 3833 2171 3888 et
2197 3822 2306 3890 Status

478 3973 628 4064 imperii,
649 3981 690 4037 et
715 3989 849 4052 omnes,
875 3975 1057 4065 quicunque
1078 3976 1202 4084 iincero
1222 3983 1391 4066 religionis
1417 4000 1528 4046 encore
1548 4001 1585 4045 nc
1605 3976 1710 4043 ltudio
1726 3985 1876 4042 tenentur
1881 4021 1892 4055 ,
1915 3976 2095 4064 quicunque
2116 3973 2200 4038 benc
2228 3995 2307 4038 ceu-

480 4131 548 4191 iem
574 4124 679 4214 e'equo
706 4118 819 4184 animo
848 4117 988 4188 audituri
1014 4129 1101 4209 lost,
1128 4153 1172 4196 erc
1194 4139 1261 4219 ¹lton
1291 4143 1404 4198 nostro
1428 4143 1661 4198 et'noetrorunt
1682 4125 1888 4214 consessione
1904 4129 1969 4192 boc
1989 4129 2164 4194 clementer
2183 4145 2306 4210 cogno·

481 4285 566 4348 icere
587 4291 619 4348 et
638 4275 818 4358 intelligere
845 4272 1073 4356 dignabuntur.

584 4475 667 4544 Cum
688 4478 789 4545 etism
806 4473 849 4544 V.
871 4471 904 4542 C.
926 4471 971 4542 Μ.
992 4473 1212 4560 Electoribus,
1240 4482 1463 4576 Principibus,
1496 4493 1530 4548 et
1556 4479 1689 4568 reliquis
1713 4477 1870 4550 Stetibue
1888 4475 2019 4566 imperii
2046 4499 2114 4546 non
2139 4499 2201 4542 nno
2227 4475 2307 4550 rice,

485 4623 541 4690 led
561 4627 654 4712 ieepe
680 4629 855 4694 clementer
875 4621 1119 4707 significaverit,
1155 4635 1189 4690 et
1219 4625 1254 4691 in
1283 4630 1423 4696 comitiis
1447 4628 1666 4716 Spirenlibns,
1689 4643 1784 4738 'quse
1809 4623 1910 4690 Anno
1936 4590 2075 4693 Domini
2100 4619 2158 4690 cet.
2178 4619 2308 4687 XXVI.

521 4889 548 4956 ⁸)
581 4889 723 4943 Steterunt
732 4892 869 4962 promisso
877 4932 886 4962 ,
907 4891 1122 4950 eontenttonem
1128 4889 1329 4970 sbriusenra,
1345 4891 1374 4957 d.
1385 4893 1494 4950 XXIV.
1507 4891 1586 4960 dun„
1610 4892 1759 4952 offerentes
1778 4889 2010 4968 prdelsgendemr
2033 4885 2080 4946 ind
2093 4883 2179 4959 seria
2195 4885 2316 4948 denum

505 5035 508 5042 r
585 4985 723 5062 septimo,
746 4988 775 5045 d.
787 4993 959 5050 xxv-tun.
972 4995 1209 5070 ermpreelegcre
1220 4991 1315 5062 licuit',
1342 4991 1566 5050 Coreto-tandem
1582 4995 1764 5054 concedente.
