4822 5632
257 461 308 530 22

261 629 455 724 placandum
476 621 617 705 neum,
633 623 673 688 ad
692 621 939 712 promerendam
963 582 1117 704 gratiam,
1146 629 1180 725 et
1201 619 1464 688 sadsiaciendum
1486 644 1545 711 pro
1572 628 1728 714 peccatis,
1756 632 1963 702 adversantur
1989 649 2098 703 eran-2
2136 651 2151 671 ¹

261 755 346 838 gotio
368 761 401 813 et
422 747 586 811 doctrinae
608 744 694 812 fidei.
738 743 846 825 Quare
869 755 942 808 vota
965 756 998 808 et
1020 741 1210 808 traditiones
1232 740 1272 806 de
1296 743 1378 807 cibit
1399 755 1432 807 et
1460 743 1574 810 diebus
1603 759 1679 825 cst,
1705 732 1871 819 institutae
1892 755 1935 820 ad
1961 758 2101 844 promo-'
2142 804 2145 809 -

204 958 210 967 ι
262 871 397 939 rendam
419 867 555 950 gratiam
579 877 611 931 et
632 862 893 931 iadsiaciandurn
913 883 970 949 pro
993 861 1149 948 peccatis,
1172 859 1305 923 inutiles
1325 860 1397 922 tunt
1413 869 1447 923 et
1469 872 1579 925 eontra
1600 866 1812 954 evangelium.

362 1110 411 1170 De
431 1108 526 1168 rebus
547 1103 691 1167 civilibus
712 1096 906 1179 DOCENT,
927 1094 1013 1191 qnod
1037 1094 1201 1179 legitimae
1223 1092 1442 1164 ordinationes
1463 1099 1577 1164 civiles
1598 1101 1664 1165 tint
1683 1105 1770 1165 bona
1793 1122 1885 1190 opera
1906 1105 1987 1191 Dei,
2011 1109 2097 1196 quod

253 1208 458 1289 ‘Christianis
478 1219 574 1280 liceat
595 1238 703 1298 gerere
724 1219 944 1298 magistratus,
973 1226 1121 1279 exercere
1141 1210 1280 1295 judicia,
1300 1214 1443 1294 judicare
1462 1238 1513 1290 rea
1536 1238 1581 1317 en
1598 1217 1818 1305 imperatoriis
1845 1233 1879 1283 et
1899 1223 1974 1288 aiiis
2002 1246 2097 1313 prae-

264 1341 406 1407 sentibus
428 1336 570 1415 legibue,
600 1335 754 1419 supplicia
765 1337 839 1414 jure
859 1334 1067 1409 constituere,
1084 1333 1155 1408 jure
1177 1332 1355 1416 bellare*),
1378 1337 1536 1412 militare,
1558 1320 1631 1418 iege
1652 1338 1856 1417 contrahere,
1885 1350 1994 1408 tenero
2015 1365 2097 1433 pro·

266 1461 391 1550 prium,
413 1451 635 1536 jusjurandum
660 1453 896 1541 postulantibus
919 1451 1159 1531 magistratibus
1180 1450 1275 1532 dare,
1303 1453 1419 1528 ducere
1438 1477 1592 1535 uxorem,
1613 1459 1742 1524 nubere.

367 1604 588 1672 Dottunttt
608 1598 873 1688 Anabdptittaa,
902 1602 960 1687 qui
977 1597 1174 1664 interdicunt
1193 1601 1275 1666 haee
1296 1605 1407 1670 civilia
1429 1605 1535 1672 officis
1557 1606 1759 1681 Christianis.
1800 1608 1974 1675 Damnant
1992 1621 2025 1676 et
2052 1610 2099 1677 il-
2158 1657 2164 1663 -

234 1800 237 1807 ,
267 1739 336 1810 los,
361 1730 419 1813 qui
440 1725 660 1806 evangelicam
681 1723 914 1808 perfectionem
934 1739 1000 1780 non
1023 1720 1184 1808 collocant
1201 1723 1238 1789 in
1259 1725 1375 1793 timore
1388 1726 1460 1793 'Dei
1480 1742 1515 1792 et
1531 1727 1613 1813 fide,
1647 1728 1702 1793 rad
1722 1731 1758 1794 in
1778 1725 1964 1799 deserendis
1988 1711 2100 1800 ctrtti‘-
2129 1744 2133 1753 '
2169 1731 2172 1736 ’

267 1857 330 1917 bus
352 1845 475 1911 officiis.
520 1842 605 1923 Quia
629 1840 837 1929 evangelium
858 1834 954 1900 tradit
973 1835 1132 1915 justitiam
1153 1851 1319 1907 aeternam
1335 1843 1459 1931 cordia,
1480 1845 1613 1925 interim
1634 1865 1702 1911 non
1722 1844 1855 1933 distipat
1875 1848 2026 1933 politiam
2045 1857 2103 1939 apt

268 1966 514 2043 oeconomiam,
550 1959 604 2023 sed
631 1961 775 2024 maxime
799 1959 942 2046 postulat
972 1950 1161 2027 conseruare
1189 1975 1343 2050 tanquam
1366 1968 1587 2055 ordinationes
1608 1966 1687 2052 Dei,
1716 1979 1750 2033 et
1770 1970 1806 2032 in
1824 1968 1942 2032 talibus
1964 1963 2102 2031 ordina-

163 2086 172 2095 ·
269 2093 414 2158 tionibus
435 2105 584 2159 emtor-0
604 2083 781 2159 ceritatem,
823 2079 938 2164 litque
960 2081 1138 2151 necessario
1159 2083 1278 2178 dehent
1297 2080 1475 2158 christani
1495 2083 1627 2152 obedire
1642 2085 1882 2168 magistratibus
1904 2084 1969 2149 iuis
1997 2095 2030 2146 at
2047 2084 2101 2147 le-

78 2200 93 2227 '
214 2246 220 2268 ·
269 2211 379 2294 gibus,
408 2206 469 2287 nist
488 2222 560 2262 aum
575 2202 688 2280 jrabent
702 2220 857 2282 peceare.-
886 2204 961 2257 tuuc
985 2198 1211 2284 enimtetiam)
1232 2204 1336 2288 magia
1357 2203 1475 2270 debent
1497 2204 1628 2271 obedire
1654 2204 1746 2288 Deo,
1780 2227 1878 2294 quam
1898 2203 2099 2270 hominibus.
2209 2252 2214 2258 .

367 2323 442 2391 Act.
464 2320 505 2391 V.

300 2493 334 2565 a)
368 2488 432 2546 A'lia
447 2490 510 2542 sunt
524 2480 705 2551 bellajnsta,
723 2482 778 2537 atia
791 2484 907 2552 injusta.
942 2482 1051 2539 Eadem
1066 2480 1206 2539 distinctio
1224 2483 1321 2538 locum
1334 2479 1421 2538 habet
1434 2482 1466 2539 in
1484 2483 1643 2556 poenin-
1676 2478 1825 2539 consutio
1842 2479 1927 2556 igtur
1936 2481 2100 2557 Principum

312 2594 315 2599 '
368 2593 469 2646 monet
482 2582 626 2655 Principes
643 2577 679 2635 ab
699 2572 957 2653 injustitiaeumin
967 2581 1120 2648 bellando,
1137 2580 1240 2638 tumin
1253 2579 1412 2651 puniendo.
1440 2604 1447 2612 ·

370 2848 448 2909 Item
471 2826 666 2913 DOCENT,
698 2831 784 2917 qnod
810 2830 956 2894 Christus
978 2829 1148 2910 apparebit
1167 2833 1201 2894 in
1223 2829 1496 2910 consummatione
1515 2835 1628 2897 mundi
1649 2836 1695 2897 ad
1709 2835 1939 2917 iradioandum,
1960 2848 1993 2901 ct
2010 2857 2101 2901 mor-

269 2976 345 3031 tuos
365 2979 479 3024 omues
497 2951 714 3022 resuscitabit,
742 2948 807 3028 piis
833 2958 866 3006 et
894 2951 1000 3007 eiectis
1026 2946 1117 3008 dabit
1135 2948 1238 3008 vitam
1265 2956 1429 3011 aeternam
1450 2958 1484 3011 et
1504 2959 1659 3033 perpetua
1682 2946 1815 3030 gaudia,
1844 2951 1966 3037 impios
1992 2967 2101 3022 autem

271 3082 421 3146 homines
442 3093 479 3134 ac
500 3066 687 3150 diaboioe*)
709 3063 957 3143 condemnabit,
988 3065 1111 3128 attiae
1134 3066 1197 3131 fide
1217 3069 1405 3135 crucientur.

373 3215 597 3290 nnttttANt
617 3215 883 3300 Anadaptietaa,
910 3214 966 3301 qni
986 3215 1145 3295 ientiunt‘,
1167 3218 1357 3287 hominibus
1379 3223 1543 3311 damnatis
1566 3244 1603 3287 ac
1631 3221 1770 3289 diabolis
1798 3197 1898 3290 tinem
1924 3249 2101 3314 poenarum
2145 3236 2153 3247 ’

262 3359 416 3449 datiarum
435 3349 516 3416 asie.
558 3344 727 3406 Damnarat
748 3341 906 3416 et-alios,
928 3339 983 3424 qui
1006 3358 1091 3400 nnnc
1113 3341 1264 3424 spargunt
1290 3343 1433 3437 judaicas
1455 3345 1644 3433 opiniones,
1680 3345 1780 3431 quod·
1793 3357 1869 3413 anta
1894 3350 2102 3419 resurrectio-

274 3491 352 3536 raem
368 3479 568 3531 mortuorum
591 3459 638 3546 pii
662 3478 797 3539 regnum
817 3454 933 3524 mundi
955 3457 1141 3542 occupaturi
1157 3458 1243 3551 tint,
1273 3460 1391 3545 ubique
1412 3461 1570 3547 oppressu
1589 3459 1712 3546 impiis,

259 3617 265 3627 ’
307 3637 334 3703 *)
367 3632 512 3688 diabolum
531 3630 647 3703 ejusque
659 3618 818 3700 angeioc.'.

262 3808 278 3890 d
374 3849 422 3910 De
442 3846 539 3913 libero
562 3846 697 3905 arbitrio
715 3841 916 3922 DOCENT,
943 3841 1029 3928 quod
1049 3843 1192 3920 humana
1214 3844 1365 3906 voluntas
1383 3840 1500 3903 nauem
1521 3845 1663 3925 aliquam
1686 3843 1865 3908 libertatem
1885 3842 1926 3908 ad
1957 3846 2103 3916 effician-

276 3968 351 4034 dam
373 3969 501 4031 civitem
519 3963 695 4042 justitiam,
723 3975 756 4025 et
776 3964 962 4046 deligendus
986 3987 1035 4029 res
1057 3963 1174 4028 rationi
1195 3964 1359 4044 subjectas.
1403 3957 1467 4024 Sed
1491 3983 1557 4026 non
1579 3963 1677 4027 habet
1699 3964 1772 4026 rim'
1794 3963 1863 4037 line
1884 3961 2006 4049 Spiritu
2027 3975 2104 4035 ian-

276 4099 327 4153 cto
348 4081 533 4150 efficiendae
560 4079 702 4161 justitiae
731 4077 795 4142 Dei
820 4082 874 4144 iau
902 4082 1045 4160 justitiae
1072 4077 1261 4165 spiritualia,
1293 4080 1368 4167 quia
1393 4084 1543 4144 animalia
1568 4085 1659 4143 homo
1687 4100 1752 4140 non
1778 4085 1913 4162 percipit
1935 4106 1989 4168 ea,
2023 4113 2104 4173 quar·

267 4217 351 4296 sunt
372 4210 510 4292 Spiritus
530 4204 608 4282 Det,
630 4198 683 4264 tad
704 4199 783 4261 haee
805 4201 842 4262 fit
864 4202 898 4263 in
925 4200 1084 4276 cordibus,
1107 4221 1180 4261 cum
1200 4219 1258 4284 pet·
1277 4203 1412 4265 verbum
1427 4176 1567 4283 Spiritus
1589 4201 1715 4258 tanetus
1727 4197 1915 4284 concipitur.
1936 4205 2024 4270 Haec
2048 4223 2104 4274 to-

275 4322 378 4393 tidem
398 4326 505 4390 verbis
527 4321 605 4387 dicit
618 4320 824 4400 Augustinus
844 4320 900 4388 lib.
919 4320 978 4385 111.
997 4322 1280 4409 Hypoguoaticora:
1324 4321 1419 4402 „Eet,
1442 4319 1553 4402 (Vuig.
1565 4316 1658 4395 Este)
1673 4315 1840 4395 fatemur,
1861 4324 1994 4389 tibarrm
2011 4332 2109 4392 arbi-¹

277 4451 375 4506 trium
399 4441 543 4504 omnibus
565 4437 759 4511 dominibus,
785 4437 907 4498 itabens
929 4439 1053 4522 quidem
1070 4441 1228 4519 jttdieium
1249 4446 1400 4521 rationis,
1431 4461 1494 4502 non
1511 4461 1572 4522 per
1593 4439 1678 4520 quod
1681 4441 1733 4522 sit
1746 4444 1893 4507 idoneum
1899 4489 1910 4521 ,
1933 4445 2047 4531 (Vulg.
2068 4450 2102 4512 in
2184 4472 2189 4481 ·

279 4560 341 4646 iis)
362 4584 442 4646 quam
462 4546 507 4624 ad
522 4559 623 4621 Deum
631 4538 815 4640 pertinent,
827 4558 903 4638 fine
918 4556 985 4617 Deo
1008 4569 1065 4620 aut
1081 4566 1247 4634 inchoare,
1270 4573 1327 4625 aut
1349 4558 1532 4644 CERTE*)
1550 4581 1720 4644 peragere,
1728 4565 1794 4647 sed
1810 4573 1983 4631 tontumtn
1997 4576 2103 4648 opertis

284 4683 342 4742 bus
359 4683 445 4740 vitae
461 4679 656 4759 praesentia,
683 4685 752 4737 tam
775 4676 880 4752 bonis,
908 4696 1006 4760 artam
1024 4681 1128 4743 maiis.
1170 4675 1304 4740 Bonis
1329 4681 1417 4759 dieo,
1442 4699 1525 4762 quae
1544 4679 1686 4761 ‹ie-bono
1700 4692 1840 4744 naturae
1850 4687 2012 4763 oriuntur,
2032 4685 2054 4751 i.
2074 4708 2102 4754 e.

283 4806 361 4868 velle
381 4799 529 4860 laborare
549 4802 588 4858 in'
601 4818 696 4875 agro,
715 4800 793 4861 ueiie
810 4798 1008 4860 manducare
1029 4809 1060 4858 et
1079 4797 1201 4874 bibere,
1228 4790 1449 4858 uelle'habere
1477 4800 1633 4872 amioum,
1660 4799 1738 4858 uelle
1766 4798 1882 4859 habere
1904 4800 2102 4880 incitamenta,
2159 4862 2172 4873 ,

284 4921 362 4982 veile
372 4913 545 4994 fabricare
567 4913 709 4993 domum,
739 4932 873 4978 uxorem
887 4912 964 4980 ueiie
983 4917 1116 5013 ducere,
1137 4938 1256 5001 peoora
1277 4920 1422 4994 nutrire,
1437 4927 1540 4982 artem
1560 4920 1680 5007 discere
1699 4921 1896 5005 diversantur
1917 4940 2022 4988 rerum
2044 4928 2105 4988 bo-
